
@online{dotnet-botConvertFromBase64StringString,
  title = {Convert.{{FromBase64String}}({{String}}) {{Method}} ({{System}})},
  author = {dotnet- {bot}},
  url = {https://docs.microsoft.com/en-us/dotnet/api/system.convert.frombase64string},
  urldate = {2021-01-03},
  abstract = {Converts the specified string, which encodes binary data as base-64 digits, to an equivalent 8-bit unsigned integer array.},
  file = {/home/krysto/Zotero/storage/E4JKH5FJ/system.convert.html},
  langid = {american},
  options = {useprefix=true}
}

@software{DotnetMachinelearningsamples2021,
  title = {Dotnet/Machinelearning-Samples},
  date = {2021-01-01T22:45:03Z},
  origdate = {2018-05-25T18:43:54Z},
  url = {https://github.com/dotnet/machinelearning-samples},
  urldate = {2021-01-03},
  abstract = {Samples for ML.NET, an open source and cross-platform machine learning framework for .NET.},
  keywords = {algorithms,csharp,dotnet,machine-learning,ml},
  organization = {{.NET Platform}}
}

@online{HtmlConvertEmbedded,
  title = {Html - {{Convert}} Embedded {{SVG}} to {{PNG}} in-Place},
  url = {https://stackoverflow.com/questions/5433806/convert-embedded-svg-to-png-in-place},
  urldate = {2021-01-03},
  file = {/home/krysto/Zotero/storage/LW5BQRUW/convert-embedded-svg-to-png-in-place.html},
  organization = {{Stack Overflow}}
}

@online{kexugitTestRunWorking,
  title = {Test {{Run}} - {{Working}} with the {{MNIST Image Recognition Data Set}}},
  author = {{kexugit}},
  url = {https://docs.microsoft.com/en-us/archive/msdn-magazine/2014/june/test-run-working-with-the-mnist-image-recognition-data-set},
  urldate = {2021-01-03},
  file = {/home/krysto/Zotero/storage/GSJWTI8A/test-run-working-with-the-mnist-image-recognition-data-set.html},
  langid = {american}
}

@online{lukelathamASPNETCore2020,
  title = {{{ASP}}.{{NET}} Core Blazor Templated Components},
  author = {Luke Latham and {Daniel Roth}},
  date = {2020-03-18},
  url = {https://docs.microsoft.com/en-us/aspnet/core/blazor/components/templated-components},
  abstract = {Learn how templated components can accept one or more UI templates as parameters, which can then be used as part of the component's rendering logic.},
  file = {/home/krysto/Zotero/storage/SFHE2E5U/templated-components.html},
  langid = {american}
}

@online{MLNETTutorial,
  title = {{{ML}}.{{NET Tutorial}} | {{Get}} Started in 10 Minutes | .{{NET}}},
  url = {https://dotnet.microsoft.com/learn/ml-dotnet/get-started-tutorial/intro},
  urldate = {2021-01-03},
  abstract = {Step-by-step instructions for building a simple prediction model with ML.NET on Windows, Linux, or macOS. ML.NET is a machine learning framework for .NET.},
  file = {/home/krysto/Zotero/storage/W839ZUHT/intro.html},
  langid = {english},
  organization = {{Microsoft}}
}

@online{MNISTHandwrittenDigit,
  title = {{{MNIST}} Handwritten Digit Database, {{Yann LeCun}}, {{Corinna Cortes}} and {{Chris Burges}}},
  url = {http://yann.lecun.com/exdb/mnist/},
  urldate = {2021-01-03},
  file = {/home/krysto/Zotero/storage/ZNILLJCC/mnist.html}
}

@online{natkeMLNETDocumentation,
  title = {{{ML}}.{{NET Documentation}} - {{Tutorials}}, {{API Reference}}},
  author = {{natke}},
  url = {https://docs.microsoft.com/en-us/dotnet/machine-learning/},
  urldate = {2021-01-03},
  abstract = {Learn how to use open-source ML.NET to build custom machine learning models and integrate them into apps. Tutorials, code examples, and more show you how.},
  file = {/home/krysto/Zotero/storage/I3649M6C/machine-learning.html},
  langid = {american}
}

@software{paxbunPaxbunCntkMnistPractice2019,
  title = {Paxbun/{{CntkMnistPractice}}},
  author = {{paxbun}},
  date = {2019-09-18T02:20:33Z},
  origdate = {2018-03-31T08:23:15Z},
  url = {https://github.com/paxbun/CntkMnistPractice},
  urldate = {2021-01-03},
  abstract = {MNIST classifier using CNTK written in C++ and C\#. Only used fully connected layers.},
  keywords = {cntk,cpp,mnist,mnist-classifier}
}

@online{chrisbasogluCNTKReleaseNotes,
  title   = {{{CNTK}}\_2\_7\_{{Release}}\_{{Notes}} - {{Cognitive Toolkit}} - {{CNTK}}},
  author  = {{chrisbasoglu}},
  url     = {https://docs.microsoft.com/en-us/cognitive-toolkit/releasenotes/cntk_2_7_release_notes},
  urldate = {2021-01-03},
  file    = {/home/krysto/Zotero/storage/GD8PHNS3/cntk_2_7_release_notes.html},
  langid  = {american}
}

@preamble{ "\ifdefined\DeclarePrefChars\DeclarePrefChars{'â€™-}\else\fi " }

