@online{render_fragment,
  title    = {{ASP}.{NET} Core Blazor templated components},
  url      = {https://docs.microsoft.com/en-us/aspnet/core/blazor/components/templated-components},
  abstract = {Learn how templated components can accept one or more {UI} templates as parameters, which can then be used as part of the component's rendering logic.},
  author   = {Luke Latham and {Daniel Roth}},
  date     = {2020-03-18},
  langid   = {english}
}

@online{from_base_64_to_string,
  title    = {Convert.{FromBase}64String(String) Method (System)},
  url      = {https://docs.microsoft.com/en-us/dotnet/api/system.convert.frombase64string},
  abstract = {Converts the specified string, which encodes binary data as base-64 digits, to an equivalent 8-bit unsigned integer array.},
  author   = {dotnet-bot},
  langid   = {english}
}

@online{stackoverflow_answer,
  title      = {html - Convert embedded {SVG} to {PNG} in-place},
  url        = {https://stackoverflow.com/questions/5433806/convert-embedded-svg-to-png-in-place},
  titleaddon = {Stack Overflow},
  annotation = {https://stackoverflow.com/a/5438011}
}